<?xml version="1.0" encoding="UTF-8"?><collection xmlns="http://www.loc.gov/MARC21/slim"><record><leader>00412nam--2200157-i-4500</leader><controlfield tag="001">000043228</controlfield><controlfield tag="002">20161230</controlfield><controlfield tag="005">20161230201043</controlfield><controlfield tag="008">060222s1000------------r-----000-0-eng-d</controlfield><datafield ind1=" " ind2=" " tag="040"><subfield code="a">IFIN-HH</subfield></datafield><datafield ind1=" " ind2=" " tag="100"><subfield code="a">Todd,John (ed.)</subfield></datafield><datafield ind1=" " ind2=" " tag="245"><subfield code="a">Survey of numerical analysis</subfield></datafield><datafield ind1=" " ind2=" " tag="260"><subfield code="a">NEW YORK, MCGRAW-HILL BOOK CO,INC.,1962. XVI + 589p</subfield></datafield><datafield ind1=" " ind2=" " tag="700"><subfield code="a">John Todd</subfield></datafield><datafield ind1=" " ind2=" " tag="852"><subfield code="a">18064</subfield><subfield code="c">518.12</subfield></datafield><datafield ind1=" " ind2=" " tag="CAT"><subfield code="a">Sys</subfield><subfield code="c">20090630</subfield><subfield code="h">101120</subfield></datafield></record></collection>